01REMESSA01COBRANCA       00000000000000000001WWWWWWWWWWWWWWWWWWWWWWWWWWWWWW001BBBBBBBBBBBBBBB#DATA#        MX0000001                                                                                                                                                                                                                                                                                                                                 000001
1                   02000000000000000#DOC_NUMERO_CONSULTORIA_#0010000000000000000100000000001N071222     1  01#NUM_DOCU#10102400000011812380000000001 301122000020000000000000000000000000000000000000018123600000000000000100041200230876RODRIGO JOSE PACHECO                                                                         8122140BANCO SANTANDER BRASIL SA                     9040088800014200000000000000000000000000000000000000000000000002
9                                                                                                                                                                                                                                                                                                                                                                                                                                                     000009
